

@book{Collins:2013,
    author  = {Michael Collins},
    title   = {Phrase-Based Translation Models},
    year    = "2013",
    publisher = {Columbia University},
    url = {http://www.cs.columbia.edu/~mcollins/pb.pdf}
}


@book{CollinsIBM,
    author  = {Michael Collins},
    title   = {Statistical Machine Translation: IBM Models 1 and 2},
    publisher = {Columbia University},
    year = "2011",
    url = {http://www.cs.columbia.edu/~mcollins/courses/nlp2011/notes/ibm12.pdf}
}

@book{CollinsCFG,
    author  = {Michael Collins},
    title   = {Probabilistic Context-Free Grammars (PCFGs)},
    publisher = {Columbia University},
    url = {http://www.cs.columbia.edu/~mcollins/courses/nlp2011/notes/pcfgs.pdf}
}

@book{CollinsLLM,
    author  = {Michael Collins},
    title   = {Log-Linear Models, MEMMs, and CRFs},
    publisher = {Columbia University},
    url = {http://anoopsarkar.github.io/nlp-class/assets/mcollins-notes/crf.pdf}
}

@book{HopkinsMay,
    author  = {Mark Hopkins and Jonathan May},
    title   = {Tuning as Ranking},
    year    = "2011",
    publisher = {SDL Language Weaver},
    url = {http://www.aclweb.org/anthology/D11-1125}
}

@book{Lopez,
    author  = {Adam Lopez},
    title   = {Word Alignment and the Expectation-Maximization Algorithm},
    year = "2013",
    institition = {Johns Hopkins University},
    publisher = {Johns Hopkins University},
    url = {http://citeseerx.ist.psu.edu/viewdoc/download?doi=10.1.1.421.5497&rep=rep1&type=pdf}
}

@book{Koehn,
    author  = {Philipp Koehn},
    title   = {Statistical Machine Translation},
    publisher = {Cambridge University Press},
    year = "2010",
}

@book{Mac,
    author  = {Bill MacCartney and Michel Galley and Christopher Manning},
    title   = {A Phrase-Based Alignment Model for Natural Language Inference},
    publisher = {Stanford University},
    year = "2008",
}

@article{Katz,
    author = {Slava M. Katz},
    year = "1987",
    title = {Estimation of probabilities from sparse data for the language model component of a speech recognizer},
    journal = {IEEE Transactions on Acoustics, Speech and Signal Processing},
    volume = "35",
    number = "3",
}

